<record><leader>00000cas a2200000 a 4500</leader><controlfield tag="001">36133931</controlfield><controlfield tag="008">961226d19141920miuwr n       0    0eng c</controlfield><datafield ind1=" " ind2=" " tag="010"><subfield code="a">sn 96077400 </subfield></datafield><datafield ind1=" " ind2=" " tag="040"><subfield code="a">MHN</subfield><subfield code="b">eng</subfield><subfield code="c">MHN</subfield><subfield code="d">OCL</subfield><subfield code="d">OCLCQ</subfield><subfield code="d">OCLCF</subfield><subfield code="d">DLC</subfield><subfield code="d">OCLCO</subfield></datafield><datafield ind1="1" ind2=" " tag="029"><subfield code="a">AU@</subfield><subfield code="b">000013023165</subfield></datafield><datafield ind1=" " ind2=" " tag="042"><subfield code="a">pcc</subfield></datafield><datafield ind1=" " ind2=" " tag="043"><subfield code="a">n-us-mi</subfield></datafield><datafield ind1="0" ind2="0" tag="245"><subfield code="a">Free press and courier.</subfield></datafield><datafield ind1=" " ind2=" " tag="260"><subfield code="a">Paw Paw, Mich. :</subfield><subfield code="b">Simkins &amp; Spicer</subfield></datafield><datafield ind1=" " ind2=" " tag="300"><subfield code="a">v.</subfield></datafield><datafield ind1=" " ind2=" " tag="310"><subfield code="a">Weekly</subfield></datafield><datafield ind1="1" ind2=" " tag="362"><subfield code="a">Began in 1914.</subfield></datafield><datafield ind1="0" ind2=" " tag="362"><subfield code="a">-; -76th yr., no. 6 (Feb. 5, 1920).</subfield></datafield><datafield ind1=" " ind2=" " tag="515"><subfield code="a">Issues also called: -&lt;72, no. 52 (Dec. 28, 1916)&gt; ; &lt;75th yr., no. 1 (Jan. 2, 1919)&gt;-</subfield></datafield><datafield ind1=" " ind2=" " tag="580"><subfield code="a">Merged with: True northerner, to form: Courier-northerner.</subfield></datafield><datafield ind1=" " ind2=" " tag="588"><subfield code="a">Description based on: Vol. 70, no. 21 (July 16, 1914).</subfield></datafield><datafield ind1=" " ind2="0" tag="651"><subfield code="a">Paw Paw (Mich.)</subfield><subfield code="v">Newspapers.</subfield></datafield><datafield ind1=" " ind2="0" tag="651"><subfield code="a">Van Buren County (Mich.)</subfield><subfield code="v">Newspapers.</subfield></datafield><datafield ind1=" " ind2="7" tag="651"><subfield code="a">Michigan</subfield><subfield code="z">Paw Paw.</subfield><subfield code="2">fast</subfield><subfield code="0">(OCoLC)fst01210936</subfield></datafield><datafield ind1=" " ind2="7" tag="651"><subfield code="a">Michigan</subfield><subfield code="z">Van Buren County.</subfield><subfield code="2">fast</subfield><subfield code="0">(OCoLC)fst01213240</subfield></datafield><datafield ind1=" " ind2="7" tag="655"><subfield code="a">Newspapers.</subfield><subfield code="2">fast</subfield><subfield code="0">(OCoLC)fst01423814</subfield></datafield><datafield ind1=" " ind2=" " tag="752"><subfield code="a">United States</subfield><subfield code="b">Michigan</subfield><subfield code="c">Van Buren</subfield><subfield code="d">Paw Paw.</subfield></datafield><datafield ind1="0" ind2="0" tag="780"><subfield code="t">Paw Paw free press and courier</subfield><subfield code="w">(DLC)sn 96077401</subfield><subfield code="w">(OCoLC)36134199</subfield></datafield><datafield ind1="1" ind2="7" tag="785"><subfield code="t">True northerner</subfield><subfield code="x">2375-4346</subfield><subfield code="w">(DLC)sn 85033781</subfield><subfield code="w">(OCoLC)12264798</subfield></datafield><datafield ind1="1" ind2="7" tag="785"><subfield code="t">Courier-northerner</subfield><subfield code="w">(DLC)sn 96077402</subfield><subfield code="w">(OCoLC)36134121</subfield></datafield></record>